@misc{Skatteverket-RegisterBirth,
  title = {New parents},
  url = {https://www.skatteverket.se/servicelankar/otherlanguages/inenglish/individualsandemployees/livinginsweden/newparents.4.7be5268414bea064694c754.html},
  abstract = {Information for new parents},
  language = {en},
  urldate = {2019-02-07},
  author = {The Swedish Tax Agency, Skatteverket},
}

@misc{Migrationsverket-ProvenIdentity,
  title = {You must be able to prove your identity},
  url = {https://www.migrationsverket.se/English/Private-individuals/Becoming-a-Swedish-citizen/Citizenship-for-adults/Proven-identity.html},
  abstract = {To become a Swedish citizen, you must be able to prove your 
    identity.   In this instance, identity is understood to mean your 
        name, date of birth and, a  s a rule, your citizenship.},
  language = {en},
  urldate = {2019-02-07},
  author={The Swedish Migration Board, Migrationsverket},
}

@misc{Valmyndigheten-ElectoralRoll,
  title = {Rösträtt och röstlängd},
  url = 
  {https://www.val.se/svenska-valsystemet/rostratt-och-rostkort/rostratt-och-rostlangd.html},
  language = {sv},
  urldate = {2019-02-07},
  author = {The Swedish Election Authority, Valmyndigheten},
}

